@book{jones2014building,
  author = {Jones, Steven K. and Noyd, Robert K. and Sagendorf, Kenneth S.},
  title = {{Building a Pathway for Student Learning: A How-to Guide to Course Design}},
  year = {2014},
  publisher = {Stylus Publishing LLC},
  address = {Sterling, VA},
  numpages = {150},
  url = {https://sty.presswarehouse.com/books/BookDetail.aspx?productID=323200},
}
