@book{jones2014building,
  author = {Jones, Steven K. and Noyd, Robert K. and Sagendorf, Kenneth S.},
  title = {{Building a Pathway for Student Learning: A How-to Guide to Course Design}},
  year = {2014},
  publisher = {Stylus Publishing LLC},
  address = {Sterling, VA},
  numpages = {150},
  url = {https://sty.presswarehouse.com/books/BookDetail.aspx?productID=323200},
}

@misc{usafai36-150,
  key = {Appointment and Promotion to Academic Ranks},
  title = {{Appointment and Promotion to Academic Ranks}},
  year = {2015},
  month = {May},
  note = {United States Air Force Academy Instruction 36-150},
  howpublished = {Online: \url{https://static.e-publishing.af.mil/production/1/usafa/publication/usafai36-150/usafai36-150.pdf}},
}
